<?xml version="1.0" encoding="UTF-8"?><record xmlns="http://www.loc.gov/MARC21/slim" xmlns:cinclude="http://apache.org/cocoon/include/1.0" xmlns:zs="http://www.loc.gov/zing/srw/">
  <leader>00398cz  a2200121n  4500</leader>
  <controlfield tag="001">nr 93035763 </controlfield>
  <controlfield tag="003">DLC</controlfield>
  <controlfield tag="005">20000908150911.0</controlfield>
  <controlfield tag="008">930910n| acannaab           |n ana     c</controlfield>
  <datafield tag="010" ind1=" " ind2=" ">
    <subfield code="a">nr 93035763 </subfield>
  </datafield>
  <datafield tag="040" ind1=" " ind2=" ">
    <subfield code="a">NjP</subfield>
    <subfield code="c">NjP</subfield>
    <subfield code="d">DLC</subfield>
  </datafield>
  <datafield tag="110" ind1="2" ind2=" ">
    <subfield code="a">Masjid-i Aʻẓam (Qum, Iran)</subfield>
  </datafield>
  <datafield tag="670" ind1=" " ind2=" ">
    <subfield code="a">Yādbūd-i chahārumīn sāl-i darguz̲asht-i zaʻīm ... 1965:</subfield>
    <subfield code="b">t.p. (Masjid-i Aʻẓam) p. 27 (Masjid-i Aʻẓam-i Qum)</subfield>
  </datafield>
</record>